@article{dinur2007pcp,
  title={{The PCP theorem by gap amplification}},
  author={Dinur, Irit},
  journal={Journal of the ACM (JACM)},
  volume={54},
  number={3},
  pages={Article~No.~12},
  year={2007},
  publisher={ACM},
  note={Preliminary version in \emph{Technical Report TR05-046, ECCC, 2005}.}
}

@article{radhakrishnan2007dinur,
  title={{On Dinur's proof of the PCP theorem}},
  author={Radhakrishnan, Jaikumar and Sudan, Madhu},
  journal={Bulletin of the American Mathematical Society},
  volume={44},
  number={1},
  pages={19--61},
  year={2007}
}

@article{goldwasser1989knowledge,
  title={The knowledge complexity of interactive proof systems},
  author={Goldwasser, Shafi and Micali, Silvio and Rackoff, Charles},
  journal={SIAM Journal on computing},
  volume={18},
  number={1},
  pages={186--208},
  year={1989},
  publisher={SIAM}
}

@article{arora1998proof,
  title={Proof verification and the hardness of approximation problems},
  author={Arora, Sanjeev and Lund, Carsten and Motwani, Rajeev and Sudan, Madhu and Szegedy, Mario},
  journal={Journal of the ACM (JACM)},
  volume={45},
  number={3},
  pages={501--555},
  year={1998},
  publisher={ACM},
  note={Preliminary version in \emph{Proc. of FOCS92}.}
}

@article{arora1998probabilistic,
  title={Probabilistic checking of proofs: A new characterization of {NP}},
  author={Arora, Sanjeev and Safra, Shmuel},
  journal={Journal of the ACM (JACM)},
  volume={45},
  number={1},
  pages={70--122},
  year={1998},
  publisher={ACM},
  note={Preliminary version in \emph{Proc. of FOCS92}.}
}

@article{feige1996interactive,
  title={Interactive proofs and the hardness of approximating cliques},
  author={Feige, Uriel and Goldwasser, Shafi and Lov{\'a}sz, Laszlo and Safra, Shmuel and Szegedy, Mario},
  journal={Journal of the ACM (JACM)},
  volume={43},
  number={2},
  pages={268--292},
  year={1996},
  publisher={ACM},
  note={Preliminary version in \emph{Proc. of FOCS91}.}
}

@article{papadimitriou1991optimization,
  title={Optimization, approximation, and complexity classes},
  author={Papadimitriou, Christos H and Yannakakis, Mihalis},
  journal={Journal of computer and system sciences},
  volume={43},
  number={3},
  pages={425--440},
  year={1991},
  publisher={Elsevier}
}

@article{reingold2002entropy,
  title={Entropy waves, the zig-zag graph product, and new constant-degree expanders},
  author={Reingold, Omer and Vadhan, Salil and Wigderson, Avi},
  journal={Annals of mathematics},
  pages={157--187},
  year={2002},
  publisher={JSTOR}
}

